@book{36,
      title = {数学规划基础},
     author = {刘红英 and 夏勇 and 周水生},
       year = {2012},
  publisher = {北京航空航天大学出版社}
}
